<?xml version="1.0" encoding="UTF-8"?><record xmlns="http://www.loc.gov/MARC21/slim" xmlns:cinclude="http://apache.org/cocoon/include/1.0" xmlns:zs="http://www.loc.gov/zing/srw/">
  <leader>00606cz  a2200145n  4500</leader>
  <controlfield tag="001">n  79102444 </controlfield>
  <controlfield tag="003">DLC</controlfield>
  <controlfield tag="005">20090222080513.0</controlfield>
  <controlfield tag="008">790910n| acannaabn          |n aaa      </controlfield>
  <datafield tag="010" ind1=" " ind2=" ">
    <subfield code="a">n  79102444 </subfield>
  </datafield>
  <datafield tag="035" ind1=" " ind2=" ">
    <subfield code="a">(OCoLC)oca00334522</subfield>
  </datafield>
  <datafield tag="040" ind1=" " ind2=" ">
    <subfield code="a">DLC</subfield>
    <subfield code="b">eng</subfield>
    <subfield code="c">DLC</subfield>
    <subfield code="d">DLC</subfield>
    <subfield code="d">OCoLC</subfield>
  </datafield>
  <datafield tag="100" ind1="1" ind2=" ">
    <subfield code="a">Randers, Jørgen</subfield>
  </datafield>
  <datafield tag="670" ind1=" " ind2=" ">
    <subfield code="a">International Conference on System Dynamics, Geilo, Norway, 1976. Elements of the system dynamics method, 1980, c1979 (a.e.)</subfield>
    <subfield code="b">t.p. (Jørgen Randers)</subfield>
  </datafield>
  <datafield tag="670" ind1=" " ind2=" ">
    <subfield code="a">Wood resource dynamics in the Scandinavian forestry sector, 1979:</subfield>
    <subfield code="b">t.p. (Jørgen Randers) p. 5 (Director of Resource Policy Group, Oslo)</subfield>
  </datafield>
</record>